% acmsmall-sam.



@article{akr08,
  author        = {A. Akritas and  A. Strzebonski and P. Vigklas},
  title         = {Improving the performance of the continued fractions %method  using new bounds of positive roots},
  journal       = {Nonlinear Analysis: Modelling and Control},
  volume        = 13,
  number        =  "3",
  year          = {2008},
  pages         = "365--279"
}

@InProceedings{collin76,
  author        = {G. Collins and A. Akritas},
  title         = {Polynomial real roots isolation using Descartes' rule of signs},
  booktitle     = {SYMSAC},
  publisher     = "ACM",
  year          = {1976},
  pages         = "272--275"
}

@PhdThesis{eig08,
  author =       "A. Eigenwillig",
  title =        "Real root isolation for exact and approximate polynomials using Descartes' rule of signs",
  school =       "Saarland University",
  year =         2008,
}

@InProceedings{eig05,
  author        = {A. Eigenwillig and L. Kettner and  W. Krandick and K. Mehlhorn and S. Schmitt and N. Wolpert},
  title         = {A Descartes Algorithm for  Polynomials with Bit-Stream Coefficients},
  booktitle     = {CASC},
  publisher     = "Springer",
  year          = {2005},
  pages         = "138--149"
}
@article{eigsolev,
  author        = {S. Fortune},
  title         = {An iterated eigenvalue algorithm for approximating roots of univariate polynomials},
  journal       = {J. Symb. Comput.},
  volume        = 33,
  number        = "5",
  year          = {2002},
  pages         = "627--646"
}
@BOOK{ger04,
  author        = {J.  Gerhard},
  title         = {Modular algorithms in symbolic summation and symbolic integration},
  publisher     = "Springer Press",
  year          = {2004}
}


@article {singular,
  title = {{\sc Singular} {3-1-5} --- {A} computer algebra system for polynomial computations},
  year = {2012},
  author = {W. Decker and G.-M. Greuel and G. Pfister and H. Sch{\"o}nemann},
  note = {http://www.singular.uni-kl.de},
}

@InProceedings{hemmer09,
  author        = {M. Hemmer and  E.P. Tsigaridas and Z. Zafeirakopoulos and I.Z.  Emiris and M.I. Karavelas and B. Mourrain},
  title         = {Experimental evaluation and cross-benchmarking of univariate real solvers},
  booktitle     = {SNC2009},
  publisher     = "ACM",
  year          = {2009},
  pages         = "45--54"
}


@article{hong98,
  author        = {H. Hong},
  title         = {Bounds for absolute positiveness of multivariate polynomials },
  journal       = {J.  symb. Comput.},
  volume        = 25,
  number        = "5",
  year          = {1998},
  pages         = "571--585"
}

@InProceedings{johnson06,
  author        = {J. R. Johnson and  W. Krandick, K. Lynch and  D. Richardson and A. Ruslanov},
  title         = {High-performance implementations of the Descartes method },
  booktitle     = {ISSAC},
  publisher     = "ACM",
  year          = {2006},
  pages         = "154--161"
}

@InProceedings{joh05,
  author        = {J. R. Johnson and  W. Krandick and A. D. Ruslanov },
  title         = {Architecture-aware classical Taylor shift by	  1 },
  booktitle     = {ISSAC},
  publisher     = "ACM",
  year          = {2005},
  pages         = "200--207"
}


@book{kla93,
 author = {Hammer, R.},
 title = {C++ Toolbox for Verified Scientific Computing - Theory, Algorithms and Programs: Basic Numerical Problems},
 year = {1995},
  publisher = {Springer-Verlag New York, Inc.},
  address = {Secaucus, NJ, USA},
}

@article{meh11,
  author        = {K. Mehlhorn and M. Sagraloff},
  title         = {A deterministic algorithm for isolating real roots of a real polynomial},
  journal       = {J. Symb. Comput.},
  volume        = 46,
  year          = {2011},
  pages         = "70--90"
}

@article{rou04,
  author        = {F. Rouillier and P. Zimmermann},
  title         = {Efficient isolation of polynomials' real roots},
  journal       = {Comput. Math. Appl.},
  volume        = 162,
  number        = "4",
  year          = {2004},
  pages         = "33--50"
}


@incollection{rump99,
     author = {{S.M.} Rump},
	 title = {{INTLAB - INTerval LABoratory}},
	 editor = {Tibor Csendes},
	 booktitle = {{Developments~in~Reliable Computing}},
	publisher = {Kluwer Academic Publishers},
	 address = {Dordrecht},
	pages = {77--104},
	 year = {1999},
	note = {\url{http://www.ti3.tu-harburg.de/rump/}}
}
@article{sha08,
  author        = {V. Sharma },
  title         = {Complexity of real root isolation using continued fractions},
  journal       = {Theor. Comput. Sci.},
  volume        = 409,
  number        = "2",
  year          = {2008},
  pages         = "292--310"
}


@article{ste05,
  author        = {D. \c{S}tef\u{a}nescu },
  title         = {New bounds for the positive roots of polynomials},
  journal       = {J.  Universal Comput. Sci.},
  volume        = 11,
  number        = "12",
  year          = {2005},
  pages         = "2132--2141"
}

@article{tsi08,
  author        = {E. P. Tsigaridas and I. Z. Emiris  },
  title         = {On the complexity of real root isolation using continued fractions},
  journal       = {Theor. Comput. Sci.},
  volume        = 392,
  number        = "1--3",
  year          = {2008},
  pages         = "158--173"
}

@article{xia06,
  author        = {B. Xia and T. Zhang},
  title         = {Real solution isolation using interval  arithmetic},
  journal       = {Comput. Math. Appl.},
  volume        = 52,
  number        = "6--7",
  year          = {2006},
  pages         = "853--860"
}

@article{xia07,
  author        = {T. Zhang and B. Xia},
  title         = {A New Method for Real Root Isolation of Univariate Polynomials},
  journal       = {Mathematics in Computer Science},
  volume        = 1,
  year          = {2007},
  pages         = "305--320"
}


%%%%%%%%%
%new paper
%%%%%%%%
@article{sagraloff2012when,
	title={When Newton meets Descartes: a simple and fast algorithm to isolate the real roots of a polynomial},
	author={Sagraloff, Michael},
	journal={international symposium on symbolic and algebraic computation},
	pages={297--304},
	year={2012}
}


%%%%%%%%%
%new paper
%%%%%%%%
@article{Tsigaridas2016,
	author = {Tsigaridas, Elias},
	title = {SLV: A Software for Real Root Isolation},
	journal = {ACM Commun. Comput. Algebra},
	volume = {50},
	number = {3},
	year = {2016},
	pages = {117--120},
	publisher = {ACM}
}

@article{kobel2016computing,
	title={Computing Real Roots of Real Polynomials ... and now For Real},
	author={Kobel, Alexander and Rouillier, Fabrice and Sagraloff, Michael},
	journal={international symposium on symbolic and algebraic computation},
	pages={303--310},
	year={2016}
	}

%%我列出一篇关于Mathematica 中的Rootintervals的文章，可以考虑用这篇换掉Akritas的前3篇
@inproceedings{ABS94,
  author = {Akritas, A. G. and Bocharov, A. V. and Strzebo\'{n}ski, A. W.},
  title = {Implementation of real root isolation algorithms in Mathematica},
  booktitle = {Abstracts of the International Conference on Interval and Computer-Algebraic Methods in Science and Engineering},
  series = {Interval’94},
  pages = {23--27},
  location = {St. Petersburg, Russia},
  year = {1994},
}
